@online{WEB:SD4M:Presentation:2016,
	Author = {{Ingo Schwarzer}},
	Title = {Smart Data For Mobility (SD4M) – Projekt-Praesentation},
	Url = {http://www.sd4m.net/sites/default/files/publications/\%20SD4M-Präsentation.pdf},
	Urldate = {2016-05-10},
	Year = {2016}}